<?xml version="1.0" encoding="UTF-8"?><record xmlns="http://www.loc.gov/MARC21/slim" xmlns:cinclude="http://apache.org/cocoon/include/1.0" xmlns:zs="http://www.loc.gov/zing/srw/">
  <leader>00523nz  a2200157n  4500</leader>
  <controlfield tag="001">no2006005285</controlfield>
  <controlfield tag="003">DLC</controlfield>
  <controlfield tag="005">20060118051719.0</controlfield>
  <controlfield tag="008">050810n| acannaabn          |n aaa     c</controlfield>
  <datafield tag="010" ind1=" " ind2=" ">
    <subfield code="a">no2006005285</subfield>
  </datafield>
  <datafield tag="035" ind1=" " ind2=" ">
    <subfield code="a">(OCoLC)oca06829311</subfield>
  </datafield>
  <datafield tag="040" ind1=" " ind2=" ">
    <subfield code="a">OrPS</subfield>
    <subfield code="b">eng</subfield>
    <subfield code="c">OrPS</subfield>
  </datafield>
  <datafield tag="100" ind1="1" ind2=" ">
    <subfield code="a">Brown, Carrie Leigh</subfield>
  </datafield>
  <datafield tag="670" ind1=" " ind2=" ">
    <subfield code="a">Developing students' sense of community, 2005:</subfield>
    <subfield code="b">t.p. (Carrie Brown)</subfield>
  </datafield>
  <datafield tag="670" ind1=" " ind2=" ">
    <subfield code="a">E-mail from C. Brown, July 25, 2005</subfield>
    <subfield code="b">(she wanted to use Carrie Leigh Brown)</subfield>
  </datafield>
  <datafield tag="670" ind1=" " ind2=" ">
    <subfield code="a">OrPS files</subfield>
    <subfield code="b">(middle name Leigh; b. Mar. 20, 1977)</subfield>
  </datafield>
</record>